
% bibtex file for references...  to be created

